%YAML 1.1
%TAG !u! tag:unity3d.com,2011:
--- !u!1 &6809283428858931425
GameObject:
  m_ObjectHideFlags: 0
  m_CorrespondingSourceObject: {fileID: 0}
  m_PrefabInstance: {fileID: 0}
  m_PrefabAsset: {fileID: 0}
  serializedVersion: 6
  m_Component:
  - component: {fileID: 5473838314110260696}
  - component: {fileID: 2287246356211390163}
  - component: {fileID: 2939983960641599469}
  - component: {fileID: 414739192569055650}
  - component: {fileID: 3569092018493356104}
  m_Layer: 9
  m_Name: enemy 4
  m_TagString: EnemyBody
  m_Icon: {fileID: 0}
  m_NavMeshLayer: 0
  m_StaticEditorFlags: 0
  m_IsActive: 1
--- !u!4 &5473838314110260696
Transform:
  m_ObjectHideFlags: 0
  m_CorrespondingSourceObject: {fileID: 0}
  m_PrefabInstance: {fileID: 0}
  m_PrefabAsset: {fileID: 0}
  m_GameObject: {fileID: 6809283428858931425}
  m_LocalRotation: {x: -0, y: -0, z: -0, w: 1}
  m_LocalPosition: {x: 0, y: 1, z: -5}
  m_LocalScale: {x: 0.75, y: 0.75, z: 0.75}
  m_Children:
  - {fileID: 7624999217868826915}
  m_Father: {fileID: 0}
  m_RootOrder: 0
  m_LocalEulerAnglesHint: {x: 0, y: 0, z: 0}
--- !u!33 &2287246356211390163
MeshFilter:
  m_ObjectHideFlags: 0
  m_CorrespondingSourceObject: {fileID: 0}
  m_PrefabInstance: {fileID: 0}
  m_PrefabAsset: {fileID: 0}
  m_GameObject: {fileID: 6809283428858931425}
  m_Mesh: {fileID: 10208, guid: 0000000000000000e000000000000000, type: 0}
--- !u!195 &2939983960641599469
NavMeshAgent:
  m_ObjectHideFlags: 0
  m_CorrespondingSourceObject: {fileID: 0}
  m_PrefabInstance: {fileID: 0}
  m_PrefabAsset: {fileID: 0}
  m_GameObject: {fileID: 6809283428858931425}
  m_Enabled: 1
  m_AgentTypeID: 0
  m_Radius: 0.5
  m_Speed: 7
  m_Acceleration: 8
  avoidancePriority: 50
  m_AngularSpeed: 120
  m_StoppingDistance: 0
  m_AutoTraverseOffMeshLink: 1
  m_AutoBraking: 1
  m_AutoRepath: 1
  m_Height: 2
  m_BaseOffset: 1
  m_WalkableMask: 4294967295
  m_ObstacleAvoidanceType: 4
--- !u!114 &414739192569055650
MonoBehaviour:
  m_ObjectHideFlags: 0
  m_CorrespondingSourceObject: {fileID: 0}
  m_PrefabInstance: {fileID: 0}
  m_PrefabAsset: {fileID: 0}
  m_GameObject: {fileID: 6809283428858931425}
  m_Enabled: 1
  m_EditorHideFlags: 0
  m_Script: {fileID: 11500000, guid: 86904ad963e9a7649b5e55613c3c1eb1, type: 3}
  m_Name: 
  m_EditorClassIdentifier: 
  navMesh: {fileID: 0}
  attackReload: 5
--- !u!136 &3569092018493356104
CapsuleCollider:
  m_ObjectHideFlags: 0
  m_CorrespondingSourceObject: {fileID: 0}
  m_PrefabInstance: {fileID: 0}
  m_PrefabAsset: {fileID: 0}
  m_GameObject: {fileID: 6809283428858931425}
  m_Material: {fileID: 0}
  m_IsTrigger: 0
  m_Enabled: 1
  m_Radius: 0.83087087
  m_Height: 3.2312407
  m_Direction: 1
  m_Center: {x: -0.015665453, y: 0.33420563, z: 0.046684586}
--- !u!1001 &7624999217868877491
PrefabInstance:
  m_ObjectHideFlags: 0
  serializedVersion: 2
  m_Modification:
    m_TransformParent: {fileID: 5473838314110260696}
    m_Modifications:
    - target: {fileID: 108582, guid: 970bf01606e0c194281edb901a23dd06, type: 3}
      propertyPath: m_Name
      value: SA_Character_Biohazard
      objectReference: {fileID: 0}
    - target: {fileID: 477072, guid: 970bf01606e0c194281edb901a23dd06, type: 3}
      propertyPath: m_LocalPosition.x
      value: 0
      objectReference: {fileID: 0}
    - target: {fileID: 477072, guid: 970bf01606e0c194281edb901a23dd06, type: 3}
      propertyPath: m_LocalPosition.y
      value: -1
      objectReference: {fileID: 0}
    - target: {fileID: 477072, guid: 970bf01606e0c194281edb901a23dd06, type: 3}
      propertyPath: m_LocalPosition.z
      value: 0
      objectReference: {fileID: 0}
    - target: {fileID: 477072, guid: 970bf01606e0c194281edb901a23dd06, type: 3}
      propertyPath: m_LocalRotation.x
      value: 0
      objectReference: {fileID: 0}
    - target: {fileID: 477072, guid: 970bf01606e0c194281edb901a23dd06, type: 3}
      propertyPath: m_LocalRotation.y
      value: 0
      objectReference: {fileID: 0}
    - target: {fileID: 477072, guid: 970bf01606e0c194281edb901a23dd06, type: 3}
      propertyPath: m_LocalRotation.z
      value: 0
      objectReference: {fileID: 0}
    - target: {fileID: 477072, guid: 970bf01606e0c194281edb901a23dd06, type: 3}
      propertyPath: m_LocalRotation.w
      value: 1
      objectReference: {fileID: 0}
    - target: {fileID: 477072, guid: 970bf01606e0c194281edb901a23dd06, type: 3}
      propertyPath: m_RootOrder
      value: 0
      objectReference: {fileID: 0}
    - target: {fileID: 477072, guid: 970bf01606e0c194281edb901a23dd06, type: 3}
      propertyPath: m_LocalEulerAnglesHint.x
      value: 0
      objectReference: {fileID: 0}
    - target: {fileID: 477072, guid: 970bf01606e0c194281edb901a23dd06, type: 3}
      propertyPath: m_LocalEulerAnglesHint.y
      value: 0
      objectReference: {fileID: 0}
    - target: {fileID: 477072, guid: 970bf01606e0c194281edb901a23dd06, type: 3}
      propertyPath: m_LocalEulerAnglesHint.z
      value: 0
      objectReference: {fileID: 0}
    - target: {fileID: 9507318, guid: 970bf01606e0c194281edb901a23dd06, type: 3}
      propertyPath: m_Controller
      value: 
      objectReference: {fileID: 9100000, guid: 92c93b80307cf90438fcfadd52eab10c, type: 2}
    - target: {fileID: 9507318, guid: 970bf01606e0c194281edb901a23dd06, type: 3}
      propertyPath: m_ApplyRootMotion
      value: 1
      objectReference: {fileID: 0}
    m_RemovedComponents: []
  m_SourcePrefab: {fileID: 100100000, guid: 970bf01606e0c194281edb901a23dd06, type: 3}
--- !u!4 &7624999217868826915 stripped
Transform:
  m_CorrespondingSourceObject: {fileID: 477072, guid: 970bf01606e0c194281edb901a23dd06,
    type: 3}
  m_PrefabInstance: {fileID: 7624999217868877491}
  m_PrefabAsset: {fileID: 0}
