%YAML 1.1
%TAG !u! tag:unity3d.com,2011:
--- !u!1 &6610752273220412694
GameObject:
  m_ObjectHideFlags: 0
  m_CorrespondingSourceObject: {fileID: 0}
  m_PrefabInstance: {fileID: 0}
  m_PrefabAsset: {fileID: 0}
  serializedVersion: 6
  m_Component:
  - component: {fileID: 5636125091173013551}
  - component: {fileID: 1908573412380826404}
  - component: {fileID: 3246418911500761626}
  - component: {fileID: 2029864021}
  - component: {fileID: 1165148168743271492}
  m_Layer: 0
  m_Name: Enemy 1
  m_TagString: EnemyBody
  m_Icon: {fileID: 0}
  m_NavMeshLayer: 0
  m_StaticEditorFlags: 0
  m_IsActive: 1
--- !u!4 &5636125091173013551
Transform:
  m_ObjectHideFlags: 0
  m_CorrespondingSourceObject: {fileID: 0}
  m_PrefabInstance: {fileID: 0}
  m_PrefabAsset: {fileID: 0}
  m_GameObject: {fileID: 6610752273220412694}
  m_LocalRotation: {x: 0, y: 0, z: 0, w: 1}
  m_LocalPosition: {x: 0, y: 1, z: -5}
  m_LocalScale: {x: 0.75, y: 0.75, z: 0.75}
  m_Children:
  - {fileID: 1732190173039327328}
  m_Father: {fileID: 0}
  m_RootOrder: 0
  m_LocalEulerAnglesHint: {x: 0, y: 0, z: 0}
--- !u!33 &1908573412380826404
MeshFilter:
  m_ObjectHideFlags: 0
  m_CorrespondingSourceObject: {fileID: 0}
  m_PrefabInstance: {fileID: 0}
  m_PrefabAsset: {fileID: 0}
  m_GameObject: {fileID: 6610752273220412694}
  m_Mesh: {fileID: 10208, guid: 0000000000000000e000000000000000, type: 0}
--- !u!195 &3246418911500761626
NavMeshAgent:
  m_ObjectHideFlags: 0
  m_CorrespondingSourceObject: {fileID: 0}
  m_PrefabInstance: {fileID: 0}
  m_PrefabAsset: {fileID: 0}
  m_GameObject: {fileID: 6610752273220412694}
  m_Enabled: 1
  m_AgentTypeID: 0
  m_Radius: 0.5
  m_Speed: 7
  m_Acceleration: 8
  avoidancePriority: 50
  m_AngularSpeed: 120
  m_StoppingDistance: 0
  m_AutoTraverseOffMeshLink: 1
  m_AutoBraking: 1
  m_AutoRepath: 1
  m_Height: 2
  m_BaseOffset: 1
  m_WalkableMask: 4294967295
  m_ObstacleAvoidanceType: 4
--- !u!114 &2029864021
MonoBehaviour:
  m_ObjectHideFlags: 0
  m_CorrespondingSourceObject: {fileID: 0}
  m_PrefabInstance: {fileID: 0}
  m_PrefabAsset: {fileID: 0}
  m_GameObject: {fileID: 6610752273220412694}
  m_Enabled: 1
  m_EditorHideFlags: 0
  m_Script: {fileID: 11500000, guid: 86904ad963e9a7649b5e55613c3c1eb1, type: 3}
  m_Name: 
  m_EditorClassIdentifier: 
  navMesh: {fileID: 0}
  attackReload: 0
--- !u!136 &1165148168743271492
CapsuleCollider:
  m_ObjectHideFlags: 0
  m_CorrespondingSourceObject: {fileID: 0}
  m_PrefabInstance: {fileID: 0}
  m_PrefabAsset: {fileID: 0}
  m_GameObject: {fileID: 6610752273220412694}
  m_Material: {fileID: 0}
  m_IsTrigger: 0
  m_Enabled: 1
  m_Radius: 0.83087087
  m_Height: 3.2312407
  m_Direction: 1
  m_Center: {x: -0.015665453, y: 0.33420563, z: 0.046684586}
--- !u!1001 &1732190173038960632
PrefabInstance:
  m_ObjectHideFlags: 0
  serializedVersion: 2
  m_Modification:
    m_TransformParent: {fileID: 5636125091173013551}
    m_Modifications:
    - target: {fileID: 126250, guid: 366bb547ba7bba243addbcf5bea7e9fe, type: 3}
      propertyPath: m_Name
      value: SA_Zombie_Prisoner
      objectReference: {fileID: 0}
    - target: {fileID: 436120, guid: 366bb547ba7bba243addbcf5bea7e9fe, type: 3}
      propertyPath: m_LocalPosition.x
      value: 0
      objectReference: {fileID: 0}
    - target: {fileID: 436120, guid: 366bb547ba7bba243addbcf5bea7e9fe, type: 3}
      propertyPath: m_LocalPosition.y
      value: -1
      objectReference: {fileID: 0}
    - target: {fileID: 436120, guid: 366bb547ba7bba243addbcf5bea7e9fe, type: 3}
      propertyPath: m_LocalPosition.z
      value: 0
      objectReference: {fileID: 0}
    - target: {fileID: 436120, guid: 366bb547ba7bba243addbcf5bea7e9fe, type: 3}
      propertyPath: m_LocalRotation.x
      value: 0
      objectReference: {fileID: 0}
    - target: {fileID: 436120, guid: 366bb547ba7bba243addbcf5bea7e9fe, type: 3}
      propertyPath: m_LocalRotation.y
      value: 0
      objectReference: {fileID: 0}
    - target: {fileID: 436120, guid: 366bb547ba7bba243addbcf5bea7e9fe, type: 3}
      propertyPath: m_LocalRotation.z
      value: 0
      objectReference: {fileID: 0}
    - target: {fileID: 436120, guid: 366bb547ba7bba243addbcf5bea7e9fe, type: 3}
      propertyPath: m_LocalRotation.w
      value: 1
      objectReference: {fileID: 0}
    - target: {fileID: 436120, guid: 366bb547ba7bba243addbcf5bea7e9fe, type: 3}
      propertyPath: m_RootOrder
      value: 0
      objectReference: {fileID: 0}
    - target: {fileID: 436120, guid: 366bb547ba7bba243addbcf5bea7e9fe, type: 3}
      propertyPath: m_LocalEulerAnglesHint.x
      value: 0
      objectReference: {fileID: 0}
    - target: {fileID: 436120, guid: 366bb547ba7bba243addbcf5bea7e9fe, type: 3}
      propertyPath: m_LocalEulerAnglesHint.y
      value: 0
      objectReference: {fileID: 0}
    - target: {fileID: 436120, guid: 366bb547ba7bba243addbcf5bea7e9fe, type: 3}
      propertyPath: m_LocalEulerAnglesHint.z
      value: 0
      objectReference: {fileID: 0}
    m_RemovedComponents: []
  m_SourcePrefab: {fileID: 100100000, guid: 366bb547ba7bba243addbcf5bea7e9fe, type: 3}
--- !u!4 &1732190173039327328 stripped
Transform:
  m_CorrespondingSourceObject: {fileID: 436120, guid: 366bb547ba7bba243addbcf5bea7e9fe,
    type: 3}
  m_PrefabInstance: {fileID: 1732190173038960632}
  m_PrefabAsset: {fileID: 0}
